@ARTICLE{2018AJ....156..123A,
       author = {{Astropy Collaboration}},
        title = "{The Astropy Project: Building an Open-science Project and Status of the
        v2.0 Core Package}",
      journal = {\aj},
     keywords = {methods: data analysis, methods: miscellaneous, methods: statistical,
        reference systems, Astrophysics - Instrumentation and Methods
        for Astrophysics},
         year = 2018,
        month = Sep,
       volume = {156},
          eid = {123},
        pages = {123},
          doi = {10.3847/1538-3881/aabc4f},
 primaryClass = {astro-ph.IM},
       adsurl = {https://ui.adsabs.harvard.edu/#abs/2018AJ....156..123A},
      adsnote = {Provided by the SAO/NASA Astrophysics Data System}
}

@ARTICLE{2018PASJ...70S...5B,
       author = {{Bosch}, James and others},
        title = "{The Hyper Suprime-Cam software pipeline}",
      journal = {Publications of the Astronomical Society of Japan},
     keywords = {methods: data analysis, surveys, techniques: image processing,
        Astrophysics - Instrumentation and Methods for Astrophysics},
         year = 2018,
        month = Jan,
       volume = {70},
          eid = {S5},
        pages = {S5},
          doi = {10.1093/pasj/psx080},
 primaryClass = {astro-ph.IM},
       adsurl = {https://ui.adsabs.harvard.edu/#abs/2018PASJ...70S...5B},
      adsnote = {Provided by the SAO/NASA Astrophysics Data System}
}

@INPROCEEDINGS{P9-123_adassxxvii,
       author = {{Jenness}, Tim},
        title = "{Modern Python at the Large Synoptic Survey Telescope}",
     keywords = {Astrophysics - Instrumentation and Methods for Astrophysics},
       series = {ASP Conf.\ Ser.},
    booktitle = {Astronomical Data Analysis Software and Systems XXVII},
         year = 2019,
       editor = "TBD",
       volume = "TBD",
        pages = "TBD",
       eprint = {arXiv:1712.00461},
 primaryClass = {astro-ph.IM},
       adsurl = {https://ui.adsabs.harvard.edu/#abs/2017arXiv171200461J},
      adsnote = {Provided by the SAO/NASA Astrophysics Data System}
}

@TECHREPORT{2017ivoa.spec.0509L,
       author = {{Louys}, Mireille and others},
        title = "{Observation Data Model Core Components, its Implementation in the Table
        Access Protocol Version 1.1}",
      journal = {IVOA Recommendation 09 May 2017},
    booktitle = {IVOA Recommendation 09 May 201},
         year = 2017,
       editor = {{Louys}, Mireille and {Tody}, Doug and {Dowler}, Patrick and {Durand},
        Daniel},
        month = May,
        pages = {509},
       adsurl = {https://ui.adsabs.harvard.edu/#abs/2017ivoa.spec.0509L},
      adsnote = {Provided by the SAO/NASA Astrophysics Data System}
}

@INPROCEEDINGS{2017ASPC..512..279J,
       author = {{Juri{\'c}}, M. and others},
        title = "{The LSST Data Management System}",
     keywords = {Astrophysics - Instrumentation and Methods for Astrophysics},
       series = {ASP Conf.\ Ser.},
       booktitle = {Astronomical Data Analysis Software and Systems XXV},
         year = 2017,
       editor = {{Lorente}, N.~P.~F. and {Shortridge}, K. and {Wayth}, R.},
       volume = {512},
        month = Dec,
        pages = {279},
 primaryClass = {astro-ph.IM},
       adsurl = {https://ui.adsabs.harvard.edu/#abs/2017ASPC..512..279J},
      adsnote = {Provided by the SAO/NASA Astrophysics Data System}
}

@ARTICLE{2015A&C.....9...40J,
       author = {{Jenness}, Tim and {Economou}, Frossie},
        title = "{ORAC-DR: A generic data reduction pipeline infrastructure}",
      journal = {Astronomy and Computing},
     keywords = {Data reduction pipelines, Techniques: miscellaneous, Methods: data
        analysis, Astrophysics - Instrumentation and Methods for
        Astrophysics},
         year = 2015,
        month = Mar,
       volume = {9},
        pages = {40-48},
          doi = {10.1016/j.ascom.2014.10.005},
archivePrefix = {arXiv},
       eprint = {arXiv:1410.7509},
 primaryClass = {astro-ph.IM},
       adsurl = {https://ui.adsabs.harvard.edu/#abs/2015A&C.....9...40J},
      adsnote = {Provided by the SAO/NASA Astrophysics Data System}
}

@INPROCEEDINGS{2012ASPC..461..339D,
       author = {{Dowler}, P.},
        title = "{CAOM-2.0: The Inevitable Evolution of a Data Model}",
    booktitle = {Astronomical Data Analysis Software and Systems XXI},
       series = {ASP Conf.\ Ser.},
         year = 2012,
       editor = {{Ballester}, P. and {Egret}, D. and {Lorente}, N.~P.~F.},
       volume = {461},
        month = Sep,
        pages = {339},
       adsurl = {https://ui.adsabs.harvard.edu/#abs/2012ASPC..461..339D},
      adsnote = {Provided by the SAO/NASA Astrophysics Data System}
}

@ARTICLE{2008arXiv0805.2366I,
       author = {{Ivezi{\'c}}, {\v{Z}}eljko and others},
        title = "{LSST: from Science Drivers to Reference Design and Anticipated Data
        Products}",
      journal = {ArXiv e-prints},
     keywords = {Astrophysics},
         year = 2008,
        month = May,
          eid = {arXiv:0805.2366},
        pages = {arXiv:0805.2366},
archivePrefix = {arXiv},
 primaryClass = {astro-ph},
       adsurl = {https://ui.adsabs.harvard.edu/#abs/2008arXiv0805.2366I},
      adsnote = {Provided by the SAO/NASA Astrophysics Data System}
}
